#
# GAMM refs
#




# -----------------------------------------------------------------------------

#
# SLA refs
#

#
# L1 U-shaped development
#

Ervin & Miller (1963): first study to show overregulation errors
@book{stevenson1963child,
  title={Child psychology: The sixty-second yearbook of the National Society for the Study of Education, Part 1.},
  author={Stevenson, Harold W and Kagan, Jerome Col and Spiker, Charles Col and Henry, Nelson B and Richey, Herman G},
  year={1963},
  publisher={University of Chicago Press}
}

@incollection{ervin_miller1963,
  title={Language development}, 
  author={Ervin, S M and Miller, W R}, 
  pages={108--143}, 
  crossref={stevenson1963child}, 
  editor={Stevenson, Harold W and Kagan, Jerome Col and Spiker, Charles Col and Henry, Nelson B and Richey, Herman G}, 
  booktitle={Child psychology: The sixty-second yearbook of the {National Society for the Study of Education}, {P}art 1}  
}

Cazden 1968 (longitudinal study of child L1 production, one of first examples)
@article{cazden1968acquisition,
  title={The acquisition of noun and verb inflections},
  author={Cazden, Courtney B},
  journal={Child development},
  pages={433--448},
  year={1968},
  volume={39}, 
  number={2}, 
  doi={10.2307/1126956}
}

Marcus et al., 1992: 
@article{marcus1992overregularization,
  title={Overregularization in language acquisition},
  author={Marcus, Gary F and Pinker, Steven and Ullman, Michael and Hollander, Michelle and Rosen, T John and Xu, Fei and Clahsen, Harald},
  journal={Monographs of the society for research in child development},
  pages={i--178},
  year={1992},
  volume={57}, 
  number={4},
  doi={10.2307/1166115}
}

Carlucci & Case (2013)
@article{carlucci2013necessity,
  title={On the Necessity of {U}-Shaped Learning},
  author={Carlucci, Lorenzo and Case, John},
  journal={Topics in cognitive Science},
  volume={5},
  number={1},
  pages={56--88},
  year={2013},
  doi={10.1111/tops.12002}
}

Rumelhart & McClelland (1986): example of theoretical debate in CogSci
@incollection{rumelhart2014learning,
  title={On learning the past tenses of {E}nglish verbs. Implicit rules or parallel distributed processing?},
  author={Rumelhart, David E and McClelland, James L},
  booktitle={Parallel Distributed Processing: Explorations in the Microstructure of Cognition},
  year={1986},
  editor={McClelland, James L and Rumelhart, David E},
  publisher={Cambridge: MIT Press}
}

#
# L2 u-shaped development
#

Kellerman (1985): among first to find it in SLA
@book{input_book_1985,
  title={Input in {Second Language Acquisition}},
  author={Gass, S M and Madden, C G},
  year={1985},
  publisher={Rowley: Newbury}
}

@incollection{kellerman1985if,
  title={If at first you do succeed...}, 
  author={Kellerman, Eric}, 
  pages={345--353},
  crossref={input_book_1985}, 
  editor={Gass, S M and Madden, C G}, 
  booktitle={Input in {Second Language Acquisition}}  
}

Long, Michael: General support of this stuff being doen in the 90s
@article{long1990least,
  title={The least a second language acquisition theory needs to explain},
  author={Long, Michael H},
  journal={TESOL quarterly},
  volume={24},
  number={4},
  pages={649--666},
  year={1990},
  doi={10.2307/3587113}
}

Shirai, Yaauhiro: 
@inproceedings{shirai1990u,
  title={{U}-shaped behavior in {L2} acquisition},
  author={Shirai, Yasuhiro},
  booktitle={Variability in second language acquisition: Proceedings of the Tenth Meeting of the {Second Language Research Forum}},
  volume={2},
  pages={685--700},
  year={1990},
  organization={Eugene, OR: Department of Linguistics, University of Oregon}
}

Geeslin & Guijarro-Fuentes (2006)
@inproceedings{geeslin2006longitudinal,
  title={A longitudinal study of copula choice: Following development in variable structures},
  author={Geeslin, Kimberly L and Guijarro-Fuentes, Pedro},
  booktitle={Selected Procedures of the 9th Hispanic Linguistics Symposium},
  pages={144--156},
  editor={Sagarra, N and Toribio, A J},
  year={2006}, 
  organization={Somerville, MA: Cascadilla Proceedings Project}
}

Pliatsikas & Marinis (2013)
@article{pliatsikas2013processing,
  title={Processing empty categories in a second language: When naturalistic exposure fills the (intermediate) gap},
  author={Pliatsikas, Christos and Marinis, Theodoros},
  journal={Bilingualism: Language and Cognition},
  volume={16},
  number={1},
  pages={167--182},
  year={2013},
  doi={10.1017/S136672891200017X}
}

Kounatidis (2016)
@article{kounatidis2016destabilisation,
  title={Destabilisation, IL variation and restructuring in foreign language learning},
  author={Kounatidis, Jannis},
  journal={Yearbook of the German Cognitive Linguistics Association},
  volume={4},
  number={1},
  pages={261--288},
  year={2016},
  doi={10.1515/gcla-2016-0016}
}

Casani (2020a)
@inproceedings{casani2020valutare,
  title={Valutare la competenza morfosintattica in italiano {L}2. Una validazione corpus-based dei livelli del {QCER}},
  author={Casani, Emanuele},
  pages={15--26},
  year={2020},
  organization={Florence: Franco Cesati Editore}, 
  editor={Nuzzo, E and Santoro, E and Vedder, I}, 
  booktitle={Valutazione e misurazione delle produzioni orali e scritte in italiano lingua seconda}
}

@article{williams2022u,
  title={{U}-shaped trajectories in an {L}2 context: Evidence from the acquisition of verb morphology},
  author={Williams, Stefan and Guijarro-Fuentes, Pedro and Vulchanova, Mila},
  year={2022},
  number={19}, 
  pages={223--266},
  journal={Vigo International Journal of Applied Linguistics}, 
  doi={10.35869/vial.v0i19.3764}
}

@book{gass_selinker_2008, 
  title={Second Language Acquisition. An introductory course}, 
  author={Gass, S and Selinker, L}, 
  year={2008}, 
  publisher={New York: Routledge}
}

@inproceedings{lightbown1983exploring,
  title={Exploring relationships between developmental and instructional sequences in {L}2 acquisition},
  booktitle={Classroom oriented research in second language acquisition}, 
  author={Lightbown, Patsy},
  year={1983}, 
  pages={217--243}, 
  editor={Seliger, H and Long, M},
  organization={Rowley, MA: Newbury House}
}
